%YAML 1.1
%TAG !u! tag:unity3d.com,2011:
--- !u!241 &24100000
AudioMixerController:
  m_ObjectHideFlags: 0
  m_PrefabParentObject: {fileID: 0}
  m_PrefabInternal: {fileID: 0}
  m_Name: VR_OrchestraMixer
  m_OutputGroup: {fileID: 0}
  m_MasterGroup: {fileID: 24300002}
  m_Snapshots:
  - {fileID: 24500006}
  - {fileID: 245327585710121524}
  m_StartSnapshot: {fileID: 24500006}
  m_SuspendThreshold: -80
  m_EnableSuspend: 1
  m_UpdateMode: 0
  m_ExposedParameters:
  - guid: 70b91aaf8e4f70744a92fcd66e91d94d
    name: MasterVolume
  - guid: beb233dbf81b80f4d98f560044291ea2
    name: DecayTime
  - guid: 6902fddd12cc2554cb2268dd9a608c1c
    name: ReverbAmount
  m_AudioMixerGroupViews:
  - guids:
    - 4f34f5e7588479b4ca738469f71c00a2
    name: View
  m_CurrentViewIndex: 0
  m_TargetSnapshot: {fileID: 24500006}
--- !u!243 &24300002
AudioMixerGroupController:
  m_ObjectHideFlags: 0
  m_PrefabParentObject: {fileID: 0}
  m_PrefabInternal: {fileID: 0}
  m_Name: Master
  m_AudioMixer: {fileID: 24100000}
  m_GroupID: 4f34f5e7588479b4ca738469f71c00a2
  m_Children: []
  m_Volume: 70b91aaf8e4f70744a92fcd66e91d94d
  m_Pitch: 720dae5a73b17b746aef9c956ce9f1bc
  m_Effects:
  - {fileID: 24400004}
  - {fileID: 244158752692689228}
  - {fileID: 244938294086629510}
  m_UserColorIndex: 0
  m_Mute: 0
  m_Solo: 0
  m_BypassEffects: 0
--- !u!244 &24400004
AudioMixerEffectController:
  m_ObjectHideFlags: 3
  m_PrefabParentObject: {fileID: 0}
  m_PrefabInternal: {fileID: 0}
  m_Name: 
  m_EffectID: a21470ddd9e611740aebb5b72d22e086
  m_EffectName: Attenuation
  m_MixLevel: be0a2ead8270b5348a1e188a58295cde
  m_Parameters: []
  m_SendTarget: {fileID: 0}
  m_EnableWetMix: 0
  m_Bypass: 0
--- !u!245 &24500006
AudioMixerSnapshotController:
  m_ObjectHideFlags: 0
  m_PrefabParentObject: {fileID: 0}
  m_PrefabInternal: {fileID: 0}
  m_Name: Snapshot
  m_AudioMixer: {fileID: 24100000}
  m_SnapshotID: 454c6c2fc1341b7449da5159472fc4b6
  m_FloatValues:
    bf64e1b0b5189ee49a3bac58989fac4f: 0.7
    074fd251045ed38459974aa1775db4b2: 250
    c277dcc1a74f5b644ab21655e624fd99: 0.7
    21cbc70273d095b4f98d15e33dc15238: 0
    4cfda9c3bb6290c47b56ddcf513c44ab: 8.3
    b49f8f85c6c275e47bb9ebcf664a2dcb: 1
    58d889956b3b5304ebea393d4699d9da: -10000
    611318a5cad86e146af1893e06385e2d: 0.7
    4c5691d5b3665a44782ae505934ca336: 0
    de4335f5cf2df4449a334cbe02618253: 0.71
    6d4d7ef55375f384caf1415ce355b7ba: 0
    91334016b3e959c489471fc6df31d785: 0
    f1959c863acaa2241a60d5c5dc92ab4e: 28
    fca2f4d7be3233a4f8ca5859fb7ac0a4: 100
    49c007589d94003458ceb0a8d1d6822f: 25
    00d890a8e74d4b445b49f690d669af5e: -556
    e4b818d9fe7d65648b6c5d3a15c3497b: -6359
    bfe278f9192ceac4aa13e4fd4f629272: 29
    34eca41a4922f6949b4bad518846978b: 0.7
    1ab4fe4a1736e0a41ae36d8a4de11ebc: 0
    720dae5a73b17b746aef9c956ce9f1bc: 1
    d797369ab3470874e92b3e1d62a761c9: -1855
    5498783bb47ee4e4294b2acf42bd3fce: -10000
    beb233dbf81b80f4d98f560044291ea2: 3
    d8c10e2cbd4f057408af2cd60a339f4c: 0.7
    7ff3050d1e76d3543970a17ca6427acf: -1542
    4563917d72980d243826f962c3e05aa9: 0.035
    21334bdd17448df40840008fa9f79a95: 2000
    6902fddd12cc2554cb2268dd9a608c1c: -2005
    c41bc9ed6480643499abd55d7aaf462e: -2491
    90c2d40eb7fbf9742aafd2614a11ec1c: -2888
    693d01ceef9bda44ea0fffa098513158: 0.7
    34660e1ffb41e33439a6fa3e75d14622: 0
    683d569f87ff45d45a003fcefae3ee0a: 1
    70b91aaf8e4f70744a92fcd66e91d94d: 0
    0316b6bff5ab1d84284a1f8f2a8321f9: 100
  m_TransitionOverrides: {}
--- !u!244 &244158752692689228
AudioMixerEffectController:
  m_ObjectHideFlags: 3
  m_PrefabParentObject: {fileID: 0}
  m_PrefabInternal: {fileID: 0}
  m_Name: 
  m_EffectID: 432ea540c9961854abd7b71229ac0a0d
  m_EffectName: OculusSpatializerReflection
  m_MixLevel: 21cbc70273d095b4f98d15e33dc15238
  m_Parameters:
  - m_ParameterName: GScale
    m_GUID: b49f8f85c6c275e47bb9ebcf664a2dcb
  - m_ParameterName: E.Rflt On
    m_GUID: 683d569f87ff45d45a003fcefae3ee0a
  - m_ParameterName: E.Rflt Rev On
    m_GUID: 6d4d7ef55375f384caf1415ce355b7ba
  - m_ParameterName: Room X
    m_GUID: bfe278f9192ceac4aa13e4fd4f629272
  - m_ParameterName: Room Y
    m_GUID: 49c007589d94003458ceb0a8d1d6822f
  - m_ParameterName: Room Z
    m_GUID: f1959c863acaa2241a60d5c5dc92ab4e
  - m_ParameterName: Left
    m_GUID: 693d01ceef9bda44ea0fffa098513158
  - m_ParameterName: Right
    m_GUID: d8c10e2cbd4f057408af2cd60a339f4c
  - m_ParameterName: Up
    m_GUID: c277dcc1a74f5b644ab21655e624fd99
  - m_ParameterName: Down
    m_GUID: bf64e1b0b5189ee49a3bac58989fac4f
  - m_ParameterName: Behind
    m_GUID: 611318a5cad86e146af1893e06385e2d
  - m_ParameterName: Front
    m_GUID: 34eca41a4922f6949b4bad518846978b
  - m_ParameterName: Shared Rev Max
    m_GUID: 074fd251045ed38459974aa1775db4b2
  m_SendTarget: {fileID: 0}
  m_EnableWetMix: 0
  m_Bypass: 0
--- !u!244 &244938294086629510
AudioMixerEffectController:
  m_ObjectHideFlags: 3
  m_PrefabParentObject: {fileID: 0}
  m_PrefabInternal: {fileID: 0}
  m_Name: 
  m_EffectID: 574ade14467e64343a3675efcc4d2bed
  m_EffectName: SFX Reverb
  m_MixLevel: 91334016b3e959c489471fc6df31d785
  m_Parameters:
  - m_ParameterName: Dry Level
    m_GUID: 1ab4fe4a1736e0a41ae36d8a4de11ebc
  - m_ParameterName: Room
    m_GUID: 4c5691d5b3665a44782ae505934ca336
  - m_ParameterName: Room HF
    m_GUID: 60aa4f15b1a8b8243aaae43e2165ba5f
  - m_ParameterName: Decay Time
    m_GUID: beb233dbf81b80f4d98f560044291ea2
  - m_ParameterName: Decay HF Ratio
    m_GUID: efcc60514886b5a47afd78c42cc69f92
  - m_ParameterName: Reflections
    m_GUID: 58d889956b3b5304ebea393d4699d9da
  - m_ParameterName: Reflect Delay
    m_GUID: 15c03d2ec050e734d84e47afe826c68d
  - m_ParameterName: Reverb
    m_GUID: 6902fddd12cc2554cb2268dd9a608c1c
  - m_ParameterName: Reverb Delay
    m_GUID: 84e85576f106cb646a12271743d04459
  - m_ParameterName: Diffusion
    m_GUID: 0316b6bff5ab1d84284a1f8f2a8321f9
  - m_ParameterName: Density
    m_GUID: fca2f4d7be3233a4f8ca5859fb7ac0a4
  - m_ParameterName: HF Reference
    m_GUID: 33be80ba9ac0d2d499202c4e5ddf2c17
  - m_ParameterName: Room LF
    m_GUID: 6ed9c71e1a2de074cab87b658aa4730f
  - m_ParameterName: LF Reference
    m_GUID: 676c84df46743a64ab65df2b937373ff
  m_SendTarget: {fileID: 0}
  m_EnableWetMix: 0
  m_Bypass: 0
--- !u!245 &245327585710121524
AudioMixerSnapshotController:
  m_ObjectHideFlags: 0
  m_PrefabParentObject: {fileID: 0}
  m_PrefabInternal: {fileID: 0}
  m_Name: VR_Orchestra_Init
  m_AudioMixer: {fileID: 24100000}
  m_SnapshotID: 63f2a35b3ea553347a318946aa615e17
  m_FloatValues:
    bf64e1b0b5189ee49a3bac58989fac4f: 0.5
    c277dcc1a74f5b644ab21655e624fd99: 0.5
    b49f8f85c6c275e47bb9ebcf664a2dcb: 1
    611318a5cad86e146af1893e06385e2d: 0.5
    6d4d7ef55375f384caf1415ce355b7ba: 0
    f1959c863acaa2241a60d5c5dc92ab4e: 10
    49c007589d94003458ceb0a8d1d6822f: 10
    bfe278f9192ceac4aa13e4fd4f629272: 10
    34eca41a4922f6949b4bad518846978b: 0.5
    d8c10e2cbd4f057408af2cd60a339f4c: 0.5
    693d01ceef9bda44ea0fffa098513158: 0.5
    683d569f87ff45d45a003fcefae3ee0a: 1
  m_TransitionOverrides: {}
